% Use this as your main bibliography file.

@book{Aho:72,
    author  = {Alfred V. Aho and Jeffrey D. Ullman},
    title   = {The Theory of Parsing, Translation and Compiling},
    year    = "1972",
    volume  = "1",
    publisher = {Prentice-Hall},
    address = {Englewood Cliffs, NJ}
}

@book{APA:83,
    author  = {{American Psychological Association}},
    title   = {Publications Manual},
    year    = "1983",
    publisher = {American Psychological Association},
    address = {Washington, DC}
}

@article{Chandra:81,
	author = {Ashok K. Chandra and Dexter C. Kozen and Larry J. Stockmeyer},
	year = "1981",
	title = {Alternation},
	journal = {Journal of the Association for Computing Machinery},
	volume = "28",
	number = "1",
	pages = "114--133",
	doi = "10.1145/322234.322243",
}

@inproceedings{andrew2007scalable,
  title={Scalable training of {L1}-regularized log-linear models},
  author={Andrew, Galen and Gao, Jianfeng},
  booktitle={Proceedings of the 24th International Conference on Machine Learning},
  pages={33--40},
  year={2007},
}

@book{Gusfield:97,
    author  = {Dan Gusfield},
    title   = {Algorithms on Strings, Trees and Sequences},
    year    = "1997",
    publisher = {Cambridge University Press},
    address = {Cambridge, UK}
}

@article{rasooli-tetrault-2015,
    author    = {Mohammad Sadegh Rasooli and Joel R. Tetreault},
    title     = {Yara Parser: {A} Fast and Accurate Dependency Parser},
    journal   = {Computing Research Repository},
    volume    = {arXiv:1503.06733},
    year      = {2015},
    url       = {http://arxiv.org/abs/1503.06733},
    note    = {version 2}
}

@article{Ando2005,
	Acmid = {1194905},
	Author = {Ando, Rie Kubota and Zhang, Tong},
	Issn = {1532-4435},
	Issue_Date = {12/1/2005},
	Journal = {Journal of Machine Learning Research},
	Month = dec,
	Numpages = {37},
	Pages = {1817--1853},
	Publisher = {JMLR.org},
	Title = {A Framework for Learning Predictive Structures from Multiple Tasks and Unlabeled Data},
	Volume = {6},
	Year = {2005}
}

@inproceedings{lin2019abstractive,
  title={Abstractive summarization: A survey of the state of the art},
  author={Lin, Hui and Ng, Vincent},
  booktitle={Proceedings of the AAAI conference on artificial intelligence},
  volume={33},
  number={01},
  pages={9815--9822},
  year={2019}
}

@article{fabbri2021summeval,
  title={Summeval: Re-evaluating summarization evaluation},
  author={Fabbri, Alexander R and Kry{\'s}ci{\'n}ski, Wojciech and McCann, Bryan and Xiong, Caiming and Socher, Richard and Radev, Dragomir},
  journal={Transactions of the Association for Computational Linguistics},
  volume={9},
  pages={391--409},
  year={2021},
  publisher={MIT Press}
}

@inproceedings{radford2021learning,
  title={Learning transferable visual models from natural language supervision},
  author={Radford, Alec and Kim, Jong Wook and Hallacy, Chris and Ramesh, Aditya and Goh, Gabriel and Agarwal, Sandhini and Sastry, Girish and Askell, Amanda and Mishkin, Pamela and Clark, Jack and others},
  booktitle={International Conference on Machine Learning},
  pages={8748--8763},
  year={2021},
  organization={PMLR}
}

@mics{mpnet2,
  title = {Sentence Transformer: all-mpnet-base-v2},
  author={Author Unknown},
  howpublished = {\url{https://huggingface.co/sentence-transformers/all-mpnet-base-v2}},
  year={2021},
  note = {Accessed: 2022-08-20}
}

@article{deepreinforcedforas,
  author    = {Romain Paulus and
               Caiming Xiong and
               Richard Socher},
  title     = {A Deep Reinforced Model for Abstractive Summarization},
  journal   = {CoRR},
  volume    = {abs/1705.04304},
  year      = {2017},
  url       = {http://arxiv.org/abs/1705.04304},
  eprinttype = {arXiv},
  eprint    = {1705.04304},
  timestamp = {Mon, 13 Aug 2018 16:48:58 +0200},
  biburl    = {https://dblp.org/rec/journals/corr/PaulusXS17.bib},
  bibsource = {dblp computer science bibliography, https://dblp.org}
}

@article{ganforas,
  author    = {Linqing Liu and
               Yao Lu and
               Min Yang and
               Qiang Qu and
               Jia Zhu and
               Hongyan Li},
  title     = {Generative Adversarial Network for Abstractive Text Summarization},
  journal   = {CoRR},
  volume    = {abs/1711.09357},
  year      = {2017},
  url       = {http://arxiv.org/abs/1711.09357},
  eprinttype = {arXiv},
  eprint    = {1711.09357},
  timestamp = {Fri, 14 Aug 2020 17:39:54 +0200},
  biburl    = {https://dblp.org/rec/journals/corr/abs-1711-09357.bib},
  bibsource = {dblp computer science bibliography, https://dblp.org}
}

@article{gan,
  author    = {Ian J. Goodfellow},
  title     = {{NIPS} 2016 Tutorial: Generative Adversarial Networks},
  journal   = {CoRR},
  volume    = {abs/1701.00160},
  year      = {2017},
  url       = {http://arxiv.org/abs/1701.00160},
  eprinttype = {arXiv},
  eprint    = {1701.00160},
  timestamp = {Mon, 13 Aug 2018 16:46:12 +0200},
  biburl    = {https://dblp.org/rec/journals/corr/Goodfellow17.bib},
  bibsource = {dblp computer science bibliography, https://dblp.org}
}

@article{languagegan,
  author    = {Cyprien de Masson d'Autume and
               Mihaela Rosca and
               Jack W. Rae and
               Shakir Mohamed},
  title     = {Training language GANs from Scratch},
  journal   = {CoRR},
  volume    = {abs/1905.09922},
  year      = {2019},
  url       = {http://arxiv.org/abs/1905.09922},
  eprinttype = {arXiv},
  eprint    = {1905.09922},
  timestamp = {Wed, 29 May 2019 11:27:50 +0200},
  biburl    = {https://dblp.org/rec/journals/corr/abs-1905-09922.bib},
  bibsource = {dblp computer science bibliography, https://dblp.org}
}

@article{rougewe,
  author    = {Jun{-}Ping Ng and
               Viktoria Abrecht},
  title     = {Better Summarization Evaluation with Word Embeddings for {ROUGE}},
  journal   = {CoRR},
  volume    = {abs/1508.06034},
  year      = {2015},
  url       = {http://arxiv.org/abs/1508.06034},
  eprinttype = {arXiv},
  eprint    = {1508.06034},
  timestamp = {Mon, 13 Aug 2018 16:47:44 +0200},
  biburl    = {https://dblp.org/rec/journals/corr/NgA15.bib},
  bibsource = {dblp computer science bibliography, https://dblp.org}
}

@inproceedings{glm,
    title = "{GLM}: General Language Model Pretraining with Autoregressive Blank Infilling",
    author = "Du, Zhengxiao  and
      Qian, Yujie  and
      Liu, Xiao  and
      Ding, Ming  and
      Qiu, Jiezhong  and
      Yang, Zhilin  and
      Tang, Jie",
    booktitle = "Proceedings of the 60th Annual Meeting of the Association for Computational Linguistics (Volume 1: Long Papers)",
    month = may,
    year = "2022",
    address = "Dublin, Ireland",
    publisher = "Association for Computational Linguistics",
    url = "https://aclanthology.org/2022.acl-long.26",
    doi = "10.18653/v1/2022.acl-long.26",
    pages = "320--335",
}

@misc {sgan4as,
	Title = {SGAN4AbSum: A Semantic-Enhanced Generative Adversarial Network for Abstractive Text Summarization},
	Author = {Vo, Tham},
	DOI = {10.21203/rs.3.rs-648146/v1},
	Publisher = {Research Square},
	Year = {2021},
	URL = {https://doi.org/10.21203/rs.3.rs-648146/v1},
}

@article{nallapati2016abstractive,
  title={Abstractive text summarization using sequence-to-sequence rnns and beyond},
  author={Nallapati, Ramesh and Zhou, Bowen and Gulcehre, Caglar and Xiang, Bing and others},
  journal={arXiv preprint arXiv:1602.06023},
  year={2016}
}

@inproceedings{chen2020simple,
  title={A simple framework for contrastive learning of visual representations},
  author={Chen, Ting and Kornblith, Simon and Norouzi, Mohammad and Hinton, Geoffrey},
  booktitle={International conference on machine learning},
  pages={1597--1607},
  year={2020},
  organization={PMLR}
}

@article{lewis2019bart,
  title={Bart: Denoising sequence-to-sequence pre-training for natural language generation, translation, and comprehension},
  author={Lewis, Mike and Liu, Yinhan and Goyal, Naman and Ghazvininejad, Marjan and Mohamed, Abdelrahman and Levy, Omer and Stoyanov, Ves and Zettlemoyer, Luke},
  journal={arXiv preprint arXiv:1910.13461},
  year={2019}
}

@misc{shleifer2020pre,
  title={DistilBART},
  author={Sam Shleifer},
  year={2021},
  howpublished = {\url{https://huggingface.co/sshleifer/distilbart-xsum-9-6}},
  note = {Accessed: 2022-08-20}
}

@article{goodfellow2014generative,
  title={Generative adversarial nets},
  author={Goodfellow, Ian and Pouget-Abadie, Jean and Mirza, Mehdi and Xu, Bing and Warde-Farley, David and Ozair, Sherjil and Courville, Aaron and Bengio, Yoshua},
  journal={Advances in neural information processing systems},
  volume={27},
  year={2014}
}

@misc{gpt3,
  doi = {10.48550/ARXIV.2005.14165},
  url = {https://arxiv.org/abs/2005.14165},
  author = {Brown, Tom B. and Mann, Benjamin and Ryder, Nick and Subbiah, Melanie and Kaplan, Jared and Dhariwal, Prafulla and Neelakantan, Arvind and Shyam, Pranav and Sastry, Girish and Askell, Amanda and Agarwal, Sandhini and Herbert-Voss, Ariel and Krueger, Gretchen and Henighan, Tom and Child, Rewon and Ramesh, Aditya and Ziegler, Daniel M. and Wu, Jeffrey and Winter, Clemens and Hesse, Christopher and Chen, Mark and Sigler, Eric and Litwin, Mateusz and Gray, Scott and Chess, Benjamin and Clark, Jack and Berner, Christopher and McCandlish, Sam and Radford, Alec and Sutskever, Ilya and Amodei, Dario},
  keywords = {Computation and Language (cs.CL), FOS: Computer and information sciences, FOS: Computer and information sciences},
  title = {Language Models are Few-Shot Learners},
  publisher = {arXiv},
  year = {2020},
  copyright = {arXiv.org perpetual, non-exclusive license}
}

@misc{t5,
  doi = {10.48550/ARXIV.1910.10683},
  url = {https://arxiv.org/abs/1910.10683},
  author = {Raffel, Colin and Shazeer, Noam and Roberts, Adam and Lee, Katherine and Narang, Sharan and Matena, Michael and Zhou, Yanqi and Li, Wei and Liu, Peter J.},
  keywords = {Machine Learning (cs.LG), Computation and Language (cs.CL), Machine Learning (stat.ML), FOS: Computer and information sciences, FOS: Computer and information sciences},
  title = {Exploring the Limits of Transfer Learning with a Unified Text-to-Text Transformer},
  publisher = {arXiv},
  year = {2019},
  copyright = {arXiv.org perpetual, non-exclusive license}
}

@inproceedings{deepadv4nlp,
    title = "Deep Adversarial Learning for {NLP}",
    author = "Wang, William Yang  and
      Singh, Sameer  and
      Li, Jiwei",
    booktitle = "Proceedings of the 2019 Conference of the North {A}merican Chapter of the Association for Computational Linguistics: Tutorials",
    month = jun,
    year = "2019",
    address = "Minneapolis, Minnesota",
    publisher = "Association for Computational Linguistics",
    url = "https://aclanthology.org/N19-5001",
    doi = "10.18653/v1/N19-5001",
    pages = "1--5",
}

@inproceedings{wsd,
    title = "A Novel {W}ikipedia based Dataset for Monolingual and Cross-Lingual Summarization",
    author = "Fatima, Mehwish  and
      Strube, Michael",
    booktitle = "Proceedings of the Third Workshop on New Frontiers in Summarization",
    month = nov,
    year = "2021",
    address = "Online and in Dominican Republic",
    publisher = "Association for Computational Linguistics",
    url = "https://aclanthology.org/2021.newsum-1.5",
    doi = "10.18653/v1/2021.newsum-1.5",
    pages = "39--50",
}

@article{xsum,
  title={Don't Give Me the Details, Just the Summary! Topic-Aware Convolutional Neural Networks for Extreme Summarization},
  author={Shashi Narayan and Shay B. Cohen and Mirella Lapata},
  journal={ArXiv},
  year={2018},
  volume={abs/1808.08745}
}

@inproceedings{fatima2021,
    title={A Novel Wikipedia based Dataset for Monolingual and Cross-Lingual Summarization},
    author={Mehwish Fatima, Michael Strube},
    booktitle={Proceedings of the 3rd Workshop on New Frontiers in Summarization},
    year={2021}
}

@article{xsum,
  author    = {Shashi Narayan and
               Shay B. Cohen and
               Mirella Lapata},
  title     = {Don't Give Me the Details, Just the Summary! Topic-Aware Convolutional
               Neural Networks for Extreme Summarization},
  journal   = {CoRR},
  volume    = {abs/1808.08745},
  year      = {2018},
  url       = {http://arxiv.org/abs/1808.08745},
  eprinttype = {arXiv},
  eprint    = {1808.08745},
  timestamp = {Sun, 02 Sep 2018 15:01:56 +0200},
  biburl    = {https://dblp.org/rec/journals/corr/abs-1808-08745.bib},
  bibsource = {dblp computer science bibliography, https://dblp.org}
}

@misc{vae,
  doi = {10.48550/ARXIV.1312.6114},
  url = {https://arxiv.org/abs/1312.6114},
  author = {Kingma, Diederik P and Welling, Max},
  keywords = {Machine Learning (stat.ML), Machine Learning (cs.LG), FOS: Computer and information sciences, FOS: Computer and information sciences},
  title = {Auto-Encoding Variational Bayes},
  publisher = {arXiv},
  year = {2013},
  copyright = {arXiv.org perpetual, non-exclusive license}
}


@misc{gumbal,
  doi = {10.48550/ARXIV.1611.01144},
  url = {https://arxiv.org/abs/1611.01144},
  author = {Jang, Eric and Gu, Shixiang and Poole, Ben},
  keywords = {Machine Learning (stat.ML), Machine Learning (cs.LG), FOS: Computer and information sciences, FOS: Computer and information sciences},
  title = {Categorical Reparameterization with Gumbel-Softmax},
  publisher = {arXiv},
  year = {2016},
  copyright = {arXiv.org perpetual, non-exclusive license}
}
